@ARTICLE{2019MNRAS.tmp..772F,
   author = {{Frohmaier}, C. and {Sullivan}, M. and {Nugent}, P.~E. and {Smith}, M. and 
	{Dimitriadis}, G. and {Bloom}, J.~S. and {Cenko}, S.~B. and 
	{Kasliwal}, M.~M. and {Kulkarni}, S.~R. and {Maguire}, K. and 
	{Ofek}, E.~O. and {Poznanski}, D. and {Quimby}, R.~M.},
    title = "{The volumetric rate of normal type Ia supernovae in the local universe discovered by the Palomar Transient Factory}",
  journal = {\mnras},
archivePrefix = "arXiv",
   eprint = {1903.08580},
 primaryClass = "astro-ph.HE",
 keywords = {supernovae: general, methods: data analysis, surveys},
     year = 2019,
    month = mar,
      doi = {10.1093/mnras/stz807},
   adsurl = {http://adsabs.harvard.edu/abs/2019MNRAS.tmp..772F},
  adsnote = {Provided by the SAO/NASA Astrophysics Data System}
}

@ARTICLE{2012ApJ...744L..19K,
   author = {{Kankare}, E. and {Mattila}, S. and {Ryder}, S. and {V{\"a}is{\"a}nen}, P. and 
	{Alberdi}, A. and {Alonso-Herrero}, A. and {Colina}, L. and 
	{Efstathiou}, A. and {Kotilainen}, J. and {Melinder}, J. and 
	{P{\'e}rez-Torres}, M.-A. and {Romero-Ca{\~n}izales}, C. and 
	{Takalo}, A.},
    title = "{Discovery of Two Supernovae in the Nuclear Regions of the Luminous Infrared Galaxy IC 883}",
  journal = {\apjl},
archivePrefix = "arXiv",
   eprint = {1112.0777},
 primaryClass = "astro-ph.SR",
 keywords = {galaxies: individual: IC 883, galaxies: starburst, infrared: galaxies, instrumentation: adaptive optics, supernovae: individual: SN 2010cu SN 2011hi},
     year = 2012,
    month = jan,
   volume = 744,
      eid = {L19},
    pages = {L19},
      doi = {10.1088/2041-8205/744/2/L19},
   adsurl = {http://adsabs.harvard.edu/abs/2012ApJ...744L..19K},
  adsnote = {Provided by the SAO/NASA Astrophysics Data System}
}

@ARTICLE{2009A&A...507L..17P,
   author = {{P{\'e}rez-Torres}, M.~A. and {Romero-Ca{\~n}izales}, C. and 
	{Alberdi}, A. and {Polatidis}, A.},
    title = "{An extremely prolific supernova factory in the buried nucleus of the starburst galaxy IC 694}",
  journal = {\aap},
archivePrefix = "arXiv",
   eprint = {0909.3959},
 keywords = {galaxies: starburst, stars: supernovae: general, radiation mechanisms: non-thermal, radio continuum: stars, galaxies: individual: IC 694, galaxies: luminosity function, mass function},
     year = 2009,
    month = nov,
   volume = 507,
    pages = {L17-L20},
      doi = {10.1051/0004-6361/200912964},
   adsurl = {http://adsabs.harvard.edu/abs/2009A%26A...507L..17P},
  adsnote = {Provided by the SAO/NASA Astrophysics Data System}
}

@ARTICLE{2014ApJ...782...37C,
   author = {{Choi}, Y. and {Gibson}, R.~R. and {Becker}, A.~C. and {Ivezi{\'c}}, {\v Z}. and 
	{Connolly}, A.~J. and {MacLeod}, C.~L. and {Ruan}, J.~J. and 
	{Anderson}, S.~F.},
    title = "{Variability-based Active Galactic Nucleus Selection Using Image Subtraction in the SDSS and LSST Era}",
  journal = {\apj},
archivePrefix = "arXiv",
   eprint = {1312.4957},
 keywords = {galaxies: active, galaxies: nuclei, quasars: general, X-rays: general},
     year = 2014,
    month = feb,
   volume = 782,
      eid = {37},
    pages = {37},
      doi = {10.1088/0004-637X/782/1/37},
   adsurl = {http://adsabs.harvard.edu/abs/2014ApJ...782...37C},
  adsnote = {Provided by the SAO/NASA Astrophysics Data System}
}

@ARTICLE{2008A&A...488...73T,
   author = {{Trevese}, D. and {Boutsia}, K. and {Vagnetti}, F. and {Cappellaro}, E. and 
	{Puccetti}, S.},
    title = "{Variability-selected active galactic nuclei from supernova search in the Chandra deep field south}",
  journal = {\aap},
archivePrefix = "arXiv",
   eprint = {0805.2948},
 keywords = {surveys, galaxies: active, galaxies: quasars: general, X-rays: galaxies},
     year = 2008,
    month = sep,
   volume = 488,
    pages = {73-81},
      doi = {10.1051/0004-6361:200809884},
   adsurl = {http://adsabs.harvard.edu/abs/2008A%26A...488...73T},
  adsnote = {Provided by the SAO/NASA Astrophysics Data System}
}

@ARTICLE{2010ApJ...723..737V,
   author = {{Villforth}, C. and {Koekemoer}, A.~M. and {Grogin}, N.~A.},
    title = "{A New Extensive Catalog of Optically Variable Active Galactic Nuclei in the GOODS Fields and a New Statistical Approach to Variability Selection}",
  journal = {\apj},
archivePrefix = "arXiv",
   eprint = {1008.3384},
 keywords = {catalogs, galaxies: active, quasars: general},
     year = 2010,
    month = nov,
   volume = 723,
    pages = {737-754},
      doi = {10.1088/0004-637X/723/1/737},
   adsurl = {http://adsabs.harvard.edu/abs/2010ApJ...723..737V},
  adsnote = {Provided by the SAO/NASA Astrophysics Data System}
}

@DocuShare{Document-28382,
  author =  { \v{Z}eljko Ivezi{\'c} and Lynne Jones and Tiago Ribeiro},
  title =        "{Call for White Papers on LSST Cadence Optimization}",
  year =         2018,
  month =        jun,
  handle =       {Document-28382}
}

@DocuShare{Document-27962,
  author =  {Jim Bosch},
  title =        "{DM Plans for Crowded Star Fields}",
  year =         2018,
  month =        apr,
  handle =       {Document-27962}
}

@DocuShare{DMTN-077,
  author = {K. Suberlak and C. Slater and \v{Z}. Ivezi\'{c}},
   title = "{LSST Fall 2017 Crowded Fields Testing}",
    year = 2018,
  handle = {DMTN-077},
    note = {LSST Data Management Technical Note},
     url = {https://dmtn-077.lsst.io},
}

@ARTICLE{2013MNRAS.435.1047B,
   author = {{Brink}, H. and {Richards}, J.~W. and {Poznanski}, D. and {Bloom}, J.~S. and 
	{Rice}, J. and {Negahban}, S. and {Wainwright}, M.},
    title = "{Using machine learning for discovery in synoptic survey imaging data}",
  journal = {\mnras},
archivePrefix = "arXiv",
   eprint = {1209.3775},
 primaryClass = "astro-ph.IM",
 keywords = {methods: data analysis, methods: statistical, techniques: image processing, surveys, supernovae: general},
     year = 2013,
    month = oct,
   volume = 435,
    pages = {1047-1060},
      doi = {10.1093/mnras/stt1306},
   adsurl = {http://adsabs.harvard.edu/abs/2013MNRAS.435.1047B},
  adsnote = {Provided by the SAO/NASA Astrophysics Data System}
}

@ARTICLE{2008ApJ...682..262D,
   author = {{Dilday}, B. and {Kessler}, R. and {Frieman}, J.~A. and {Holtzman}, J. and 
	{Marriner}, J. and {Miknaitis}, G. and {Nichol}, R.~C. and {Romani}, R. and 
	{Sako}, M. and {Bassett}, B. and {Becker}, A. and {Cinabro}, D. and 
	{DeJongh}, F. and {Depoy}, D.~L. and {Doi}, M. and {Garnavich}, P.~M. and 
	{Hogan}, C.~J. and {Jha}, S. and {Konishi}, K. and {Lampeitl}, H. and 
	{Marshall}, J.~L. and {McGinnis}, D. and {Prieto}, J.~L. and 
	{Riess}, A.~G. and {Richmond}, M.~W. and {Schneider}, D.~P. and 
	{Smith}, M. and {Takanashi}, N. and {Tokita}, K. and {van der Heyden}, K. and 
	{Yasuda}, N. and {Zheng}, C. and {Barentine}, J. and {Brewington}, H. and 
	{Choi}, C. and {Crotts}, A. and {Dembicky}, J. and {Harvanek}, M. and 
	{Im}, M. and {Ketzeback}, W. and {Kleinman}, S.~J. and {Krzesi{\'n}ski}, J. and 
	{Long}, D.~C. and {Malanushenko}, E. and {Malanushenko}, V. and 
	{McMillan}, R.~J. and {Nitta}, A. and {Pan}, K. and {Saurage}, G. and 
	{Snedden}, S.~A. and {Watters}, S. and {Wheeler}, J.~C. and 
	{York}, D.},
    title = "{A Measurement of the Rate of Type Ia Supernovae at Redshift z {\ap} 0.1 from the First Season of the SDSS-II Supernova Survey}",
  journal = {\apj},
archivePrefix = "arXiv",
   eprint = {0801.3297},
 keywords = {supernovae: general},
     year = 2008,
    month = jul,
   volume = 682,
    pages = {262-282},
      doi = {10.1086/587733},
   adsurl = {http://adsabs.harvard.edu/abs/2008ApJ...682..262D},
  adsnote = {Provided by the SAO/NASA Astrophysics Data System}
}

@ARTICLE{2008AJ....135..348S,
   author = {{Sako}, M. and {Bassett}, B. and {Becker}, A. and {Cinabro}, D. and 
	{DeJongh}, F. and {Depoy}, D.~L. and {Dilday}, B. and {Doi}, M. and 
	{Frieman}, J.~A. and {Garnavich}, P.~M. and {Hogan}, C.~J. and 
	{Holtzman}, J. and {Jha}, S. and {Kessler}, R. and {Konishi}, K. and 
	{Lampeitl}, H. and {Marriner}, J. and {Miknaitis}, G. and {Nichol}, R.~C. and 
	{Prieto}, J.~L. and {Riess}, A.~G. and {Richmond}, M.~W. and 
	{Romani}, R. and {Schneider}, D.~P. and {Smith}, M. and {SubbaRao}, M. and 
	{Takanashi}, N. and {Tokita}, K. and {van der Heyden}, K. and 
	{Yasuda}, N. and {Zheng}, C. and {Barentine}, J. and {Brewington}, H. and 
	{Choi}, C. and {Dembicky}, J. and {Harnavek}, M. and {Ihara}, Y. and 
	{Im}, M. and {Ketzeback}, W. and {Kleinman}, S.~J. and {Krzesi{\'n}ski}, J. and 
	{Long}, D.~C. and {Malanushenko}, E. and {Malanushenko}, V. and 
	{McMillan}, R.~J. and {Morokuma}, T. and {Nitta}, A. and {Pan}, K. and 
	{Saurage}, G. and {Snedden}, S.~A.},
    title = "{The Sloan Digital Sky Survey-II Supernova Survey: Search Algorithm and Follow-up Observations}",
  journal = {\aj},
archivePrefix = "arXiv",
   eprint = {0708.2750},
 keywords = {cosmology: observations, methods: data analysis, techniques: image processing, supernovae: general, surveys},
     year = 2008,
    month = jan,
   volume = 135,
    pages = {348-373},
      doi = {10.1088/0004-6256/135/1/348},
   adsurl = {http://adsabs.harvard.edu/abs/2008AJ....135..348S},
  adsnote = {Provided by the SAO/NASA Astrophysics Data System}
}

@ARTICLE{2015AJ....150..172K,
   author = {{Kessler}, R. and {Marriner}, J. and {Childress}, M. and {Covarrubias}, R. and 
	{D'Andrea}, C.~B. and {Finley}, D.~A. and {Fischer}, J. and 
	{Foley}, R.~J. and {Goldstein}, D. and {Gupta}, R.~R. and {Kuehn}, K. and 
	{Marcha}, M. and {Nichol}, R.~C. and {Papadopoulos}, A. and 
	{Sako}, M. and {Scolnic}, D. and {Smith}, M. and {Sullivan}, M. and 
	{Wester}, W. and {Yuan}, F. and {Abbott}, T. and {Abdalla}, F.~B. and 
	{Allam}, S. and {Benoit-L{\'e}vy}, A. and {Bernstein}, G.~M. and 
	{Bertin}, E. and {Brooks}, D. and {Carnero Rosell}, A. and {Carrasco Kind}, M. and 
	{Castander}, F.~J. and {Crocce}, M. and {da Costa}, L.~N. and 
	{Desai}, S. and {Diehl}, H.~T. and {Eifler}, T.~F. and {Fausti Neto}, A. and 
	{Flaugher}, B. and {Frieman}, J. and {Gerdes}, D.~W. and {Gruen}, D. and 
	{Gruendl}, R.~A. and {Honscheid}, K. and {James}, D.~J. and 
	{Kuropatkin}, N. and {Li}, T.~S. and {Maia}, M.~A.~G. and {Marshall}, J.~L. and 
	{Martini}, P. and {Miller}, C.~J. and {Miquel}, R. and {Nord}, B. and 
	{Ogando}, R. and {Plazas}, A.~A. and {Reil}, K. and {Romer}, A.~K. and 
	{Roodman}, A. and {Sanchez}, E. and {Sevilla-Noarbe}, I. and 
	{Smith}, R.~C. and {Soares-Santos}, M. and {Sobreira}, F. and 
	{Tarle}, G. and {Thaler}, J. and {Thomas}, R.~C. and {Tucker}, D. and 
	{Walker}, A.~R. and {DES Collaboration}},
    title = "{The Difference Imaging Pipeline for the Transient Search in the Dark Energy Survey}",
  journal = {\aj},
archivePrefix = "arXiv",
   eprint = {1507.05137},
 primaryClass = "astro-ph.IM",
 keywords = {supernovae: general, techniques: image processing},
     year = 2015,
    month = dec,
   volume = 150,
      eid = {172},
    pages = {172},
      doi = {10.1088/0004-6256/150/6/172},
   adsurl = {http://adsabs.harvard.edu/abs/2015AJ....150..172K},
  adsnote = {Provided by the SAO/NASA Astrophysics Data System}
}

@ARTICLE{2012ApJ...746..163S,
   author = {{Sand}, D.~J. and {Graham}, M.~L. and {Bildfell}, C. and {Zaritsky}, D. and 
	{Pritchet}, C. and {Hoekstra}, H. and {Just}, D.~W. and {Herbert-Fort}, S. and 
	{Sivanandam}, S. and {Foley}, R.~J. and {Mahdavi}, A.},
    title = "{The Multi-Epoch nearby Cluster Survey: Type Ia Supernova Rate Measurement in z \~{} 0.1 Clusters and the Late-time Delay Time Distribution}",
  journal = {\apj},
archivePrefix = "arXiv",
   eprint = {1110.1632},
 keywords = {galaxies: clusters: general, supernovae: general},
     year = 2012,
    month = feb,
   volume = 746,
      eid = {163},
    pages = {163},
      doi = {10.1088/0004-637X/746/2/163},
   adsurl = {http://adsabs.harvard.edu/abs/2012ApJ...746..163S},
  adsnote = {Provided by the SAO/NASA Astrophysics Data System}
}

@ARTICLE{2017ApJS..230....4F,
   author = {{Frohmaier}, C. and {Sullivan}, M. and {Nugent}, P.~E. and {Goldstein}, D.~A. and 
	{DeRose}, J.},
    title = "{Real-time Recovery Efficiencies and Performance of the Palomar Transient Factory{\rsquo}s Transient Discovery Pipeline}",
  journal = {\apjs},
archivePrefix = "arXiv",
   eprint = {1704.02951},
 primaryClass = "astro-ph.IM",
 keywords = {methods: data analysis, supernovae: general, surveys},
     year = 2017,
    month = may,
   volume = 230,
      eid = {4},
    pages = {4},
      doi = {10.3847/1538-4365/aa6d70},
   adsurl = {http://adsabs.harvard.edu/abs/2017ApJS..230....4F},
  adsnote = {Provided by the SAO/NASA Astrophysics Data System}
}


@ARTICLE{2018ApJ...858...50F,
   author = {{Frohmaier}, C. and {Sullivan}, M. and {Maguire}, K. and {Nugent}, P.
	},
    title = "{The Volumetric Rate of Calcium-rich Transients in the Local Universe}",
  journal = {\apj},
archivePrefix = "arXiv",
   eprint = {1804.03103},
 primaryClass = "astro-ph.HE",
 keywords = {galaxies: clusters: general, galaxies: clusters: intracluster medium, supernovae: general},
     year = 2018,
    month = may,
   volume = 858,
      eid = {50},
    pages = {50},
      doi = {10.3847/1538-4357/aabc0b},
   adsurl = {http://adsabs.harvard.edu/abs/2018ApJ...858...50F},
  adsnote = {Provided by the SAO/NASA Astrophysics Data System}
}

@ARTICLE{2018ApJS..238...15H,
   author = {{Hung}, T. and {Gezari}, S. and {Cenko}, S.~B. and {van Velzen}, S. and 
	{Blagorodnova}, N. and {Yan}, L. and {Kulkarni}, S.~R. and {Lunnan}, R. and 
	{Kupfer}, T. and {Leloudas}, G. and {Kong}, A.~K.~H. and {Nugent}, P.~E. and 
	{Fremling}, C. and {Laher}, R.~R. and {Masci}, F.~J. and {Cao}, Y. and 
	{Roy}, R. and {Petrushevska}, T.},
    title = "{Sifting for Sapphires: Systematic Selection of Tidal Disruption Events in iPTF}",
  journal = {\apjs},
archivePrefix = "arXiv",
   eprint = {1712.04936},
 primaryClass = "astro-ph.HE",
 keywords = {accretion, accretion disks, black hole physics, galaxies: nuclei, surveys, ultraviolet: general },
     year = 2018,
    month = oct,
   volume = 238,
      eid = {15},
    pages = {15},
      doi = {10.3847/1538-4365/aad8b1},
   adsurl = {http://adsabs.harvard.edu/abs/2018ApJS..238...15H},
  adsnote = {Provided by the SAO/NASA Astrophysics Data System}
}

@ARTICLE{2016MNRAS.455.2918H,
   author = {{Holoien}, T.~W.-S. and {Kochanek}, C.~S. and {Prieto}, J.~L. and 
	{Stanek}, K.~Z. and {Dong}, S. and {Shappee}, B.~J. and {Grupe}, D. and 
	{Brown}, J.~S. and {Basu}, U. and {Beacom}, J.~F. and {Bersier}, D. and 
	{Brimacombe}, J. and {Danilet}, A.~B. and {Falco}, E. and {Guo}, Z. and 
	{Jose}, J. and {Herczeg}, G.~J. and {Long}, F. and {Pojmanski}, G. and 
	{Simonian}, G.~V. and {Szczygie{\l}}, D.~M. and {Thompson}, T.~A. and 
	{Thorstensen}, J.~R. and {Wagner}, R.~M. and {Wo{\'z}niak}, P.~R.
	},
    title = "{Six months of multiwavelength follow-up of the tidal disruption candidate ASASSN-14li and implied TDE rates from ASAS-SN}",
  journal = {\mnras},
archivePrefix = "arXiv",
   eprint = {1507.01598},
 primaryClass = "astro-ph.HE",
 keywords = {accretion, accretion discs, black hole physics, galaxies: nuclei},
     year = 2016,
    month = jan,
   volume = 455,
    pages = {2918-2935},
      doi = {10.1093/mnras/stv2486},
   adsurl = {http://adsabs.harvard.edu/abs/2016MNRAS.455.2918H},
  adsnote = {Provided by the SAO/NASA Astrophysics Data System}
}

@ARTICLE{2016A&A...588A.128F,
   author = {{Figuera Jaimes}, R. and {Bramich}, D.~M. and {Skottfelt}, J. and 
	{Kains}, N. and {J{\o}rgensen}, U.~G. and {Horne}, K. and {Dominik}, M. and 
	{Alsubai}, K.~A. and {Bozza}, V. and {Calchi Novati}, S. and 
	{Ciceri}, S. and {D'Ago}, G. and {Galianni}, P. and {Gu}, S.-H. and 
	{Harps{\o}e}, K.~B.~W. and {Haugb{\o}lle}, T. and {Hinse}, T.~C. and 
	{Hundertmark}, M. and {Juncher}, D. and {Korhonen}, H. and {Mancini}, L. and 
	{Popovas}, A. and {Rabus}, M. and {Rahvar}, S. and {Scarpetta}, G. and 
	{Schmidt}, R.~W. and {Snodgrass}, C. and {Southworth}, J. and 
	{Starkey}, D. and {Street}, R.~A. and {Surdej}, J. and {Wang}, X.-B. and 
	{Wertz}, O.},
    title = "{Exploring the crowded central region of ten Galactic globular clusters using EMCCDs. Variable star searches and new discoveries}",
  journal = {\aap},
archivePrefix = "arXiv",
   eprint = {1512.07913},
 primaryClass = "astro-ph.SR",
 keywords = {blue stragglers, galaxies: star clusters: general, globular clusters: general, stars: variables: RR Lyrae, novae, cataclysmic variables, instrumentation: high angular resolution},
     year = 2016,
    month = apr,
   volume = 588,
      eid = {A128},
    pages = {A128},
      doi = {10.1051/0004-6361/201527641},
   adsurl = {http://adsabs.harvard.edu/abs/2016A%26A...588A.128F},
  adsnote = {Provided by the SAO/NASA Astrophysics Data System}
}

@ARTICLE{2015ApJ...806..161L,
   author = {{Lee}, C.-H. and {Riffeser}, A. and {Seitz}, S. and {Bender}, R. and 
	{Koppenhoefer}, J.},
    title = "{Microlensing events from the 11-year Observations of the Wendelstein Calar Alto Pixellensing Project}",
  journal = {\apj},
archivePrefix = "arXiv",
   eprint = {1504.07246},
 keywords = {dark matter, galaxies: halos, galaxies: individual: M31, gravitational lensing: micro},
     year = 2015,
    month = jun,
   volume = 806,
      eid = {161},
    pages = {161},
      doi = {10.1088/0004-637X/806/2/161},
   adsurl = {http://adsabs.harvard.edu/abs/2015ApJ...806..161L},
  adsnote = {Provided by the SAO/NASA Astrophysics Data System}
}

@ARTICLE{2012ApJ...753...68G,
   author = {{Graham}, M.~L. and {Sand}, D.~J. and {Bildfell}, C.~J. and 
	{Pritchet}, C.~J. and {Zaritsky}, D. and {Hoekstra}, H. and 
	{Just}, D.~W. and {Herbert-Fort}, S. and {Sivanandam}, S. and 
	{Foley}, R.~J.},
    title = "{The Type II Supernova Rate in z \~{} 0.1 Galaxy Clusters from the Multi-Epoch Nearby Cluster Survey}",
  journal = {\apj},
archivePrefix = "arXiv",
   eprint = {1205.0015},
 keywords = {galaxies: clusters: general, supernovae: general},
     year = 2012,
    month = jul,
   volume = 753,
      eid = {68},
    pages = {68},
      doi = {10.1088/0004-637X/753/1/68},
   adsurl = {http://adsabs.harvard.edu/abs/2012ApJ...753...68G},
  adsnote = {Provided by the SAO/NASA Astrophysics Data System}
}

